
@techreport{hodgeWindPowerForecasting2012,
  title = {Wind {{Power Forecasting Error Distributions}}: {{An International Comparison}}; {{Preprint}}},
  shorttitle = {Wind {{Power Forecasting Error Distributions}}},
  author = {Hodge, B. M. and Lew, D. and Milligan, M. and Holttinen, H. and Sillanpaa, S. and {Gomez-Lazaro}, E. and Scharff, R. and Soder, L. and Larsen, X. G. and Giebel, G. and Flynn, D. and Dobschinski, J.},
  year = {2012},
  month = sep,
  institution = {{National Renewable Energy Lab. (NREL), Golden, CO (United States)}},
  url = {https://www.osti.gov/biblio/1051129},
  urldate = {2021-01-21},
  abstract = {The U.S. Department of Energy's Office of Scientific and Technical Information},
  file = {/home/drake/Zotero/storage/ZRTZZHXY/Hodge et al. - 2012 - Wind Power Forecasting Error Distributions An Int.pdf},
  language = {English},
  number = {NREL/CP-5500-56130}
}

@misc{kazempourLectureMarketClearing2021,
  title = {Lecture 1: {{Market}} Clearing as an Optimization Problem},
  author = {Kazempour, Jalal},
  year = {2021},
  month = jan,
  address = {{DTU 31792 -- Advanced Optimization and Game Theory for Energy Systems}},
  url = {https://cn.inside.dtu.dk/cnnet/filesharing/download/dcb15e39-cb18-4656-a13b-fec8ef3201bd},
  urldate = {2021-01-04},
  file = {/home/drake/Zotero/storage/NIPL6B6A/Kazempour - 2015 - 31792 -- Advanced Optimization and Game Theory for.pdf},
  language = {en}
}

@misc{kazempourLectureStochasticMarket2021,
  title = {Lecture 5: {{Stochastic}} Market Clearing},
  author = {Kazempour, Jalal},
  year = {2021},
  month = jan,
  address = {{DTU 31792 -- Advanced Optimization and Game Theory for Energy Systems}},
  url = {https://cn.inside.dtu.dk/cnnet/filesharing/download/ab8abfcd-f87b-4087-b81b-f66bfeebfd4a},
  urldate = {2021-01-13},
  language = {en}
}

@techreport{MISOEnergyOperating2020,
  title = {{{MISO Energy}} and {{Operating Reserve Markets Business Practices Manual}}},
  year = {2020},
  month = oct,
  institution = {{MISO}},
  file = {/home/drake/Zotero/storage/JJLLCAQ2/MISO Energy and Operating Reserve Markets Business.pdf},
  number = {BPM-002-r19}
}

@misc{MISOMarketData,
  title = {{{MISO Market Data}}},
  url = {https://www.misoenergy.org/markets-and-operations/real-time--market-data/market-reports/#t=10&p=0&s=MarketReportPublished&sd=desc},
  urldate = {2021-01-11}
}

@techreport{mosekapsMOSEKFusionAPI2021,
  title = {{{MOSEK Fusion API}} for {{Python}} Manual. {{Version}} 9.2.35},
  author = {{MOSEK ApS}},
  year = {2021},
  url = {https://docs.mosek.com/9.2/pythonfusion/index.html}
}


